<record xmlns="http://www.openarchives.org/OAI/2.0/" xmlns:xsi="http://www.w3.org/2001/XMLSchema-instance">
  <header>
    <identifier>oai:atlantis.cern.ch:47</identifier>
    <datestamp>2014-04-14T09:10:59Z</datestamp>
    <setSpec>Eudat</setSpec>
  </header>
  <metadata>
    <marc:record xmlns:marc="http://www.loc.gov/MARC21/slim" xmlns:xsi="http://www.w3.org/2001/XMLSchema-instance" xsi:schemaLocation="http://www.loc.gov/MARC21/slim http://www.loc.gov/standards/marcxml/schema/MARC21slim.xsd" type="Bibliographic">
      <marc:leader>00000coc  2200000uu 4500</marc:leader>
      <marc:controlfield tag="001">47</marc:controlfield>
      <marc:controlfield tag="005">20140414121059.0</marc:controlfield>
      <marc:datafield tag="024" ind1="7" ind2=" ">
        <marc:subfield code="2">checksum</marc:subfield>
        <marc:subfield code="a">e2a63f3e06bc75a3169a64ead8a5d1f7b8b6549fbe32cdeb24001c61b4b5b221</marc:subfield>
      </marc:datafield>
      <marc:datafield tag="024" ind1="7" ind2=" ">
        <marc:subfield code="2">PID</marc:subfield>
        <marc:subfield code="a">http://hdl.handle.net/11113/d56cd310-93e8-11e3-8cd7-14feb57d12b9</marc:subfield>
      </marc:datafield>
      <marc:datafield tag="100" ind1=" " ind2=" ">
        <marc:subfield code="a">EUDAT</marc:subfield>
      </marc:datafield>
      <marc:datafield tag="245" ind1=" " ind2=" ">
        <marc:subfield code="a">dit is een test overview EUDAT</marc:subfield>
      </marc:datafield>
      <marc:datafield tag="260" ind1=" " ind2=" ">
        <marc:subfield code="b">Joyce</marc:subfield>
        <marc:subfield code="c">12-02-2014</marc:subfield>
      </marc:datafield>
      <marc:datafield tag="264" ind1=" " ind2=" ">
        <marc:subfield code="b">SimpleStore</marc:subfield>
        <marc:subfield code="c">2014-02-12 13:23:16.986013 UTC</marc:subfield>
      </marc:datafield>
      <marc:datafield tag="520" ind1=" " ind2=" ">
        <marc:subfield code="a">dit is een test</marc:subfield>
      </marc:datafield>
      <marc:datafield tag="542" ind1=" " ind2=" ">
        <marc:subfield code="l">restricted</marc:subfield>
      </marc:datafield>
      <marc:datafield tag="546" ind1=" " ind2=" ">
        <marc:subfield code="a">en</marc:subfield>
      </marc:datafield>
      <marc:datafield tag="653" ind1="1" ind2=" ">
        <marc:subfield code="a">repository; research data management</marc:subfield>
      </marc:datafield>
      <marc:datafield tag="856" ind1="0" ind2=" ">
        <marc:subfield code="f">j.a.nijkamp@uva.nl</marc:subfield>
      </marc:datafield>
      <marc:datafield tag="856" ind1="4" ind2=" ">
        <marc:subfield code="s">307393</marc:subfield>
        <marc:subfield code="u">https://b2share.eudat.eu/record/47/files/af000c60-93e8-11e3-857b-005056943408.png?version=1</marc:subfield>
      </marc:datafield>
      <marc:datafield tag="909" ind1="C" ind2="O">
        <marc:subfield code="o">oai:atlantis.cern.ch:47</marc:subfield>
        <marc:subfield code="p">GLOBAL_SET</marc:subfield>
        <marc:subfield code="p">Eudat</marc:subfield>
      </marc:datafield>
      <marc:datafield tag="980" ind1=" " ind2=" ">
        <marc:subfield code="a">generic</marc:subfield>
      </marc:datafield>
    </marc:record>
  </metadata>
</record>
